<record><leader>00000cas a22000007a 4500</leader><controlfield tag="001">15603148</controlfield><controlfield tag="008">870428d19611962wiuwr ne      0    0eng d</controlfield><datafield ind1=" " ind2=" " tag="010"><subfield code="a">sn 87082581 </subfield></datafield><datafield ind1=" " ind2=" " tag="040"><subfield code="a">NPV</subfield><subfield code="b">eng</subfield><subfield code="c">NPV</subfield><subfield code="d">OCL</subfield><subfield code="d">OCLCQ</subfield></datafield><datafield ind1=" " ind2=" " tag="042"><subfield code="a">msc</subfield></datafield><datafield ind1="0" ind2="0" tag="245"><subfield code="a">Sunday Appleton post-crescent.</subfield></datafield><datafield ind1="1" ind2="7" tag="246"><subfield code="a">Appleton post-crescent</subfield></datafield><datafield ind1=" " ind2=" " tag="260"><subfield code="a">Appleton-Neenah-Menasha, Wis. :</subfield><subfield code="b">Post Pub. Co.,</subfield><subfield code="c">1961-1962.</subfield></datafield><datafield ind1=" " ind2=" " tag="300"><subfield code="a">v.</subfield></datafield><datafield ind1=" " ind2=" " tag="310"><subfield code="a">Weekly</subfield></datafield><datafield ind1="0" ind2=" " tag="362"><subfield code="a">Vol. 57, no. 97 (Sept. 24, 1961)-v. 61, no. 77 (Oct. 14, 1962).</subfield></datafield><datafield ind1=" " ind2=" " tag="580"><subfield code="a">Published in a daily edition called: Appleton post-crescent.</subfield></datafield><datafield ind1=" " ind2=" " tag="752"><subfield code="a">United States</subfield><subfield code="b">Wisconsin</subfield><subfield code="c">Outagamie</subfield><subfield code="d">Appleton.</subfield></datafield><datafield ind1=" " ind2=" " tag="752"><subfield code="a">United States</subfield><subfield code="b">Wisconsin</subfield><subfield code="c">Winnebago</subfield><subfield code="d">Neenah.</subfield></datafield><datafield ind1=" " ind2=" " tag="752"><subfield code="a">United States</subfield><subfield code="b">Wisconsin</subfield><subfield code="c">Winnebago</subfield><subfield code="d">Menasha.</subfield></datafield><datafield ind1="1" ind2=" " tag="775"><subfield code="t">Appleton post-crescent</subfield><subfield code="w">(DLC)sn 87082578</subfield></datafield><datafield ind1="0" ind2="0" tag="785"><subfield code="t">Sunday post-crescent</subfield><subfield code="w">(DLC)sn 87082582</subfield></datafield></record>